[gd_scene load_steps=8 format=3 uid="uid://dkf05ifseicay"]

[ext_resource type="PackedScene" uid="uid://hwrvffbqa3iy" path="res://assets/level_elements/misc/health_box.tscn" id="1_j4621"]
[ext_resource type="PackedScene" uid="uid://kjxbawaw6nsr" path="res://assets/level_elements/misc/health_box_small.tscn" id="2_1nfnw"]
[ext_resource type="Script" path="res://levels/elements/health_pickup_trigger.gd" id="3_3go53"]

[sub_resource type="BoxShape3D" id="3"]
size = Vector3(1.38239, 0.828594, 0.901556)

[sub_resource type="BoxShape3D" id="4"]
size = Vector3(0.737061, 0.794283, 0.408073)

[sub_resource type="Animation" id="5"]
length = 4.0
loop_mode = 1
tracks/0/type = "value"
tracks/0/imported = false
tracks/0/enabled = true
tracks/0/path = NodePath("HealthHolder:rotation_degrees")
tracks/0/interp = 1
tracks/0/loop_wrap = true
tracks/0/keys = {
"times": PackedFloat32Array(0, 2, 4),
"transitions": PackedFloat32Array(1, 1, 1),
"update": 0,
"values": [Vector3(0, 0, 0), Vector3(0, 180, 0), Vector3(0, 360, 0)]
}
tracks/1/type = "value"
tracks/1/imported = false
tracks/1/enabled = true
tracks/1/path = NodePath("HealthHolder:position")
tracks/1/interp = 1
tracks/1/loop_wrap = true
tracks/1/keys = {
"times": PackedFloat32Array(0, 1, 2, 3, 4),
"transitions": PackedFloat32Array(1, 1, 1, 1, 1),
"update": 0,
"values": [Vector3(0, 0, 0), Vector3(0, 1, 0), Vector3(0, 0, 0), Vector3(0, 1, 0), Vector3(0, 0, 0)]
}

[sub_resource type="AnimationLibrary" id="AnimationLibrary_f3tpq"]
_data = {
"Ammo_Anim": SubResource("5")
}

[node name="HealthHolder" type="Node3D"]
transform = Transform3D(0.999999, 0, 0, 0, 1, 0, 0, 0, 0.999999, 0, 0, 0)

[node name="HealthKit" type="Node3D" parent="."]

[node name="HealthBox" parent="HealthKit" instance=ExtResource("1_j4621")]

[node name="HealthKitSmall" type="Node3D" parent="."]
transform = Transform3D(1, 0, 0, 0, 1, 0, 0, 0, 1, 0, 0.449994, 0)

[node name="HealthBoxSmall" parent="HealthKitSmall" instance=ExtResource("2_1nfnw")]

[node name="HealthPickupTrigger" type="Area3D" parent="."]
collision_layer = 16384
collision_mask = 30
input_ray_pickable = false
angular_damp = 1.0
script = ExtResource("3_3go53")

[node name="ShapeKit" type="CollisionShape3D" parent="HealthPickupTrigger"]
transform = Transform3D(1, 0, 0, 0, 1, 0, 0, 0, 1, 0, 0.0428073, 0)
shape = SubResource("3")

[node name="ShapeKitSmall" type="CollisionShape3D" parent="HealthPickupTrigger"]
transform = Transform3D(1, 0, 0, 0, 1, 0, 0, 0, 1, 0, 0.433238, 0)
shape = SubResource("4")
disabled = true

[node name="AnimationPlayer" type="AnimationPlayer" parent="."]
root_node = NodePath("../..")
libraries = {
"": SubResource("AnimationLibrary_f3tpq")
}
autoplay = "Ammo_Anim"
