[gd_scene load_steps=10 format=3 uid="uid://dq61sub7vxs7v"]

[ext_resource type="PackedScene" uid="uid://dnsud14kqb8n1" path="res://assets/level_elements/barriers/meshes/crate_one.tscn" id="1"]
[ext_resource type="Script" path="res://levels/tools/mesh_instance_dissolve.gd" id="3_60wba"]
[ext_resource type="PackedScene" uid="uid://cg28h8w7vqxpj" path="res://levels/elements/explosive_object.tscn" id="4_t4alt"]
[ext_resource type="PackedScene" uid="uid://bfjmxhdessxcn" path="res://assets/level_elements/barriers/meshes/barrel_one.tscn" id="7"]
[ext_resource type="PackedScene" uid="uid://c7kasac5opkq" path="res://levels/elements/physic_body_dynamic.tscn" id="11"]
[ext_resource type="PackedScene" uid="uid://cidhgauve2odt" path="res://assets/level_elements/barriers/meshes/barrel_two.tscn" id="12"]

[sub_resource type="SphereShape3D" id="SphereShape3D_kdkun"]
radius = 8.0

[sub_resource type="SphereShape3D" id="SphereShape3D_p60r3"]
radius = 12.0

[sub_resource type="SphereShape3D" id="SphereShape3D_dt6j7"]
radius = 10.0

[node name="PlatformObjects" type="Node3D"]

[node name="PhysicBodyDynamic" parent="." instance=ExtResource("11")]
transform = Transform3D(1, 0, 0, 0, 1, 0, 0, 0, 1, -0.931, 0.2, 0)
collision_layer = 536870913
collision_mask = 536969247
mass = 5.0
shape_type = 2
dissolve_mesh_instance_path = NodePath("BarrelOne02")

[node name="BarrelOne02" parent="PhysicBodyDynamic" instance=ExtResource("7")]
transform = Transform3D(0.35, 0, 0, 0, 0.35, 0, 0, 0, 0.35, 0, 0, 0)
script = ExtResource("3_60wba")
fade_time = 3.0

[node name="PhysicBodyDynamic2" parent="." instance=ExtResource("11")]
transform = Transform3D(-4.37114e-08, 1, 0, -1, -4.37114e-08, 0, 0, 0, 1, 1.76599, 0.674431, 0)
collision_layer = 536870913
collision_mask = 536969247
mass = 5.0
shape_type = 2
dissolve_mesh_instance_path = NodePath("BarrelOne02")

[node name="BarrelOne02" parent="PhysicBodyDynamic2" instance=ExtResource("7")]
transform = Transform3D(0.35, 0, 0, 0, 0.35, 0, 0, 0, 0.35, 0, 0, 0)
script = ExtResource("3_60wba")
fade_time = 3.0

[node name="PhysicBodyDynamic3" parent="." instance=ExtResource("11")]
transform = Transform3D(1, 0, 0, 0, 1, 0, 0, 0, 1, 0, 0.2, 1.513)
collision_layer = 536870913
collision_mask = 536969247
mass = 5.0
shape_type = 2
dissolve_mesh_instance_path = NodePath("BarrelOne02")

[node name="BarrelOne02" parent="PhysicBodyDynamic3" instance=ExtResource("7")]
transform = Transform3D(0.35, 0, 0, 0, 0.35, 0, 0, 0, 0.35, 0, 0, 0)
script = ExtResource("3_60wba")
fade_time = 3.0

[node name="ExplosiveObject" parent="." instance=ExtResource("4_t4alt")]
transform = Transform3D(-4.37114e-08, 1, 0, -1, -4.37114e-08, 0, 0, 0, 1, -0.57238, 0.66217, -1.745)
collision_layer = 536870913
collision_mask = 536969247
mass = 10.0
shape_type = 2
DAMAGE = 80
GRENADE_TIME = 7.0
EXPLOSION_WAIT_TIME = 5.0

[node name="CollisionShape3D" parent="ExplosiveObject/BlastArea" index="0"]
shape = SubResource("SphereShape3D_kdkun")

[node name="ExplosionHolder" parent="ExplosiveObject" index="2"]
explosion_lifetime = 5.0
effect_scaling = 32.0

[node name="BarrelOne01" parent="ExplosiveObject" instance=ExtResource("7")]
transform = Transform3D(0.35, 0, 0, 0, 0.35, 0, 0, 0, 0.35, 0, 0, 0)

[node name="ExplosiveObject2" parent="." instance=ExtResource("4_t4alt")]
transform = Transform3D(1, 0, 0, 0, 1, 0, 0, 0, 1, -2.395, 0.2, 0.291895)
collision_layer = 536870913
collision_mask = 536969247
mass = 20.0
shape_type = 0
DAMAGE = 120
GRENADE_TIME = 9.0
EXPLOSION_WAIT_TIME = 7.0

[node name="CollisionShape3D" parent="ExplosiveObject2/BlastArea" index="0"]
shape = SubResource("SphereShape3D_p60r3")

[node name="ExplosionHolder" parent="ExplosiveObject2" index="2"]
explosion_lifetime = 7.0
effect_scaling = 64.0

[node name="CrateOne01" parent="ExplosiveObject2" instance=ExtResource("1")]
transform = Transform3D(0.3, 0, 0, 0, 0.3, 0, 0, 0, 0.3, 0, 0, 0)

[node name="PhysicBodyDynamic6" parent="." instance=ExtResource("11")]
transform = Transform3D(1, 0, 0, 0, 1, 0, 0, 0, 1, 0.954, 0.2, 0)
collision_layer = 536870913
collision_mask = 536969247
mass = 5.0
shape_type = 0
dissolve_mesh_instance_path = NodePath("CrateOne01")

[node name="CrateOne01" parent="PhysicBodyDynamic6" instance=ExtResource("1")]
transform = Transform3D(0.3, 0, 0, 0, 0.3, 0, 0, 0, 0.3, 0, 0, 0)
script = ExtResource("3_60wba")
fade_time = 3.0

[node name="ExplosiveObject3" parent="." instance=ExtResource("4_t4alt")]
transform = Transform3D(-4.37114e-08, 1, 0, -1, -4.37114e-08, 0, 0, 0, 1, 0.838283, 0.656145, 1.283)
collision_layer = 536870913
collision_mask = 536969247
mass = 15.0
shape_type = 2
DAMAGE = 100
GRENADE_TIME = 11.0
EXPLOSION_WAIT_TIME = 6.0

[node name="CollisionShape3D" parent="ExplosiveObject3/BlastArea" index="0"]
shape = SubResource("SphereShape3D_dt6j7")

[node name="ExplosionHolder" parent="ExplosiveObject3" index="2"]
explosion_lifetime = 6.0
effect_scaling = 48.0

[node name="BarrelTwo01" parent="ExplosiveObject3" instance=ExtResource("12")]
transform = Transform3D(0.35, 0, 0, 0, 0.35, 0, 0, 0, 0.35, 0, 0, 0)

[node name="PhysicBodyDynamic8" parent="." instance=ExtResource("11")]
transform = Transform3D(-4.37114e-08, -1, 0, 1, -4.37114e-08, 0, 0, 0, 1, -1.47, 0.687146, 1.603)
collision_layer = 536870913
collision_mask = 536969247
mass = 5.0
shape_type = 2
dissolve_mesh_instance_path = NodePath("BarrelTwo02")

[node name="BarrelTwo02" parent="PhysicBodyDynamic8" instance=ExtResource("12")]
transform = Transform3D(0.35, 0, 0, 0, 0.35, 0, 0, 0, 0.35, 0, 0, 0)
script = ExtResource("3_60wba")
fade_time = 3.0

[node name="PhysicBodyDynamic9" parent="." instance=ExtResource("11")]
transform = Transform3D(-4.37114e-08, 1, 0, -1, -4.37114e-08, 0, 0, 0, 1, 1.587, 0.700432, -1.727)
collision_layer = 536870913
collision_mask = 536969247
mass = 5.0
shape_type = 2
dissolve_mesh_instance_path = NodePath("BarrelTwo02")

[node name="BarrelTwo02" parent="PhysicBodyDynamic9" instance=ExtResource("12")]
transform = Transform3D(0.35, 0, 0, 0, 0.35, 0, 0, 0, 0.35, 0, 0, 0)
script = ExtResource("3_60wba")
fade_time = 3.0

[node name="PhysicBodyDynamic10" parent="." instance=ExtResource("11")]
transform = Transform3D(1, 0, 0, 0, 1, 0, 0, 0, 1, -1.475, 0.2, -1.339)
collision_layer = 536870913
collision_mask = 536969247
mass = 5.0
shape_type = 0
dissolve_mesh_instance_path = NodePath("CrateOne01")

[node name="CrateOne01" parent="PhysicBodyDynamic10" instance=ExtResource("1")]
transform = Transform3D(0.3, 0, 0, 0, 0.3, 0, 0, 0, 0.3, 0, 0, 0)
script = ExtResource("3_60wba")
fade_time = 3.0

[editable path="ExplosiveObject"]
[editable path="ExplosiveObject2"]
[editable path="ExplosiveObject3"]
