[gd_scene load_steps=17 format=3 uid="uid://cek74k5d0os5o"]

[ext_resource type="PhysicsMaterial" uid="uid://g0ym6n1q6hxm" path="res://assets/materials/generic_physics_material.tres" id="1_nsklt"]
[ext_resource type="Script" path="res://levels/elements/rocket.gd" id="2"]
[ext_resource type="PackedScene" uid="uid://d27gtv3nqowkh" path="res://assets/player/weapons/rocket_mesh_scene.tscn" id="2_yv24f"]
[ext_resource type="PackedScene" uid="uid://2ovgjnj1wd5t" path="res://levels/elements/explosion_holder.tscn" id="4_m2g4y"]

[sub_resource type="CylinderShape3D" id="2"]
height = 2.73715
radius = 0.289669

[sub_resource type="CylinderShape3D" id="1"]
height = 2.24043
radius = 0.0621705

[sub_resource type="SphereShape3D" id="3"]
radius = 8.0

[sub_resource type="CompressedTexture2D" id="CompressedTexture2D_44iei"]
load_path = "res://.godot/imported/smokesprite_albedo.png-5b030fe0e6b86eb90702d247109490c7.s3tc.ctex"

[sub_resource type="CompressedTexture2D" id="CompressedTexture2D_4wq5t"]
load_path = "res://.godot/imported/smokesprite_normal.png-64ab6b52ded17ff0f272f4d29c6f5f5c.s3tc.ctex"

[sub_resource type="StandardMaterial3D" id="StandardMaterial3D_dfwwb"]
transparency = 1
vertex_color_use_as_albedo = true
albedo_texture = SubResource("CompressedTexture2D_44iei")
normal_enabled = true
normal_texture = SubResource("CompressedTexture2D_4wq5t")
billboard_mode = 3
billboard_keep_scale = true
particles_anim_h_frames = 8
particles_anim_v_frames = 8
particles_anim_loop = false

[sub_resource type="Gradient" id="Gradient_pamiu"]
offsets = PackedFloat32Array(0, 0.056, 0.128)
colors = PackedColorArray(1, 1, 1, 1, 1, 1, 0, 1, 0, 0, 0, 1)

[sub_resource type="GradientTexture1D" id="GradientTexture1D_bq2m7"]
gradient = SubResource("Gradient_pamiu")

[sub_resource type="Curve" id="Curve_h5txs"]
_data = [Vector2(0, 1), 0.0, 0.0, 0, 0, Vector2(0.751799, 0.990441), 0.0, 0.0, 0, 0, Vector2(1, 0), 0.0, 0.0, 0, 0]
point_count = 3

[sub_resource type="CurveTexture" id="CurveTexture_ensvq"]
curve = SubResource("Curve_h5txs")

[sub_resource type="ParticleProcessMaterial" id="ParticleProcessMaterial_364j1"]
angle_max = 180.0
direction = Vector3(0, 1, 0)
spread = 180.0
angular_velocity_min = -60.0
angular_velocity_max = 60.0
gravity = Vector3(0, 0, 0)
scale_min = 0.2
scale_max = 0.2
scale_curve = SubResource("CurveTexture_ensvq")
color = Color(100, 100, 100, 1)
color_ramp = SubResource("GradientTexture1D_bq2m7")
anim_speed_min = 1.0
anim_speed_max = 1.0
turbulence_noise_strength = 3.0

[sub_resource type="QuadMesh" id="QuadMesh_su7c7"]

[node name="Rocket" type="RigidBody3D"]
collision_layer = 256
physics_material_override = ExtResource("1_nsklt")
continuous_cd = true
contact_monitor = true
max_contacts_reported = 2
script = ExtResource("2")
rocket_sound_name = "rocket_launch"

[node name="RocketMesh" parent="." instance=ExtResource("2_yv24f")]
transform = Transform3D(-4.37114e-08, 0, -1, 0, 1, 0, 1, 0, -4.37114e-08, 0, 0, 0)

[node name="CollisionShape1" type="CollisionShape3D" parent="."]
transform = Transform3D(1, 0, 0, 0, -4.37114e-08, -1, 0, 1, -4.37114e-08, 0, 0, -1.36506)
shape = SubResource("2")

[node name="CollisionShape2" type="CollisionShape3D" parent="."]
transform = Transform3D(1, 0, 0, 0, -4.37114e-08, -1, 0, 1, -4.37114e-08, 0, 0, 1.1226)
shape = SubResource("1")

[node name="BlastArea" type="Area3D" parent="."]

[node name="CollisionShape3D" type="CollisionShape3D" parent="BlastArea"]
shape = SubResource("3")

[node name="Trail" type="GPUParticles3D" parent="."]
material_override = SubResource("StandardMaterial3D_dfwwb")
emitting = false
amount = 80
lifetime = 1.5
visibility_aabb = AABB(-1.00001, -1.00001, -1.00001, 2.00002, 2.00002, 2.00002)
transform_align = 3
process_material = SubResource("ParticleProcessMaterial_364j1")
draw_pass_1 = SubResource("QuadMesh_su7c7")

[node name="ExplosionHolder" parent="." instance=ExtResource("4_m2g4y")]
effect_scaling = 16.0

[editable path="ExplosionHolder"]
