[gd_scene load_steps=11 format=3 uid="uid://c305bu2fcf7ce"]

[ext_resource type="Texture2D" uid="uid://tyjl66cu0xax" path="res://assets/images/skies/panorama_miramar.png" id="1_2tcfy"]
[ext_resource type="Texture2D" uid="uid://cvwoauovwtqiw" path="res://assets/images/skies/panorama_interstellar.png" id="1_wa6b4"]
[ext_resource type="Texture2D" uid="uid://cirwcdgaondku" path="res://assets/images/skies/panorama_stormydays.png" id="3_enpen"]

[sub_resource type="GDScript" id="GDScript_qxtpi"]
resource_name = "background_animation"
script/source = "extends Node3D


@export var panorama_images: Array[CompressedTexture2D] = []

@onready var sky_material:PanoramaSkyMaterial = (
		$WorldEnvironment.environment.sky.sky_material)


func _ready():
	if not panorama_images.is_empty():
		panorama_images.shuffle()
		sky_material.panorama = load(panorama_images[0].load_path)
"

[sub_resource type="PanoramaSkyMaterial" id="PanoramaSkyMaterial_85ibs"]
panorama = ExtResource("1_2tcfy")

[sub_resource type="Sky" id="Sky_7yfhs"]
sky_material = SubResource("PanoramaSkyMaterial_85ibs")
radiance_size = 0

[sub_resource type="Environment" id="2"]
background_mode = 2
sky = SubResource("Sky_7yfhs")
tonemap_mode = 3
glow_enabled = true
glow_levels/1 = 1.0
glow_levels/2 = 1.0
glow_levels/5 = 0.0
glow_intensity = 1.0
glow_strength = 1.1
glow_blend_mode = 0

[sub_resource type="Animation" id="3"]
resource_name = "Background_Animation"
length = 9.0
loop_mode = 1
tracks/0/type = "value"
tracks/0/imported = false
tracks/0/enabled = true
tracks/0/path = NodePath("MainMenuCamera:rotation_degrees")
tracks/0/interp = 1
tracks/0/loop_wrap = true
tracks/0/keys = {
"times": PackedFloat32Array(0, 1, 2, 3, 4, 5, 6, 7, 8, 9),
"transitions": PackedFloat32Array(1, 1, 1, 1, 1, 1, 1, 1, 1, 1),
"update": 0,
"values": [Vector3(0, 0, 0), Vector3(40, 40, 40), Vector3(80, 80, 80), Vector3(120, 120, 120), Vector3(160, 160, 160), Vector3(200, 200, 200), Vector3(240, 240, 240), Vector3(280, 280, 280), Vector3(320, 320, 320), Vector3(360, 360, 360)]
}

[sub_resource type="Animation" id="Animation_ux555"]
length = 0.001

[sub_resource type="AnimationLibrary" id="AnimationLibrary_8io7u"]
_data = {
"Background_Animation": SubResource("3"),
"RESET": SubResource("Animation_ux555")
}

[node name="BackgroundAnimation" type="Node3D"]
script = SubResource("GDScript_qxtpi")
panorama_images = Array[CompressedTexture2D]([ExtResource("1_wa6b4"), ExtResource("1_2tcfy"), ExtResource("3_enpen")])

[node name="WorldEnvironment" type="WorldEnvironment" parent="."]
environment = SubResource("2")

[node name="MainMenuCamera" type="Camera3D" parent="."]
current = true

[node name="AnimationPlayer" type="AnimationPlayer" parent="."]
process_mode = 3
libraries = {
"": SubResource("AnimationLibrary_8io7u")
}
autoplay = "Background_Animation"
speed_scale = 0.18
