[gd_scene load_steps=7 format=3 uid="uid://de8e1s4ogygkm"]

[ext_resource type="Script" path="res://gui/debug_display.gd" id="1"]
[ext_resource type="FontFile" uid="uid://c3fqq0paxcwrn" path="res://assets/fonts/PublicPixel.otf" id="2"]

[sub_resource type="StyleBoxFlat" id="4"]
bg_color = Color(1, 1, 0.470588, 0.588235)

[sub_resource type="FontVariation" id="FontVariation_o44f4"]
base_font = ExtResource("2")
spacing_glyph = 4
spacing_space = 4

[sub_resource type="FontVariation" id="FontVariation_0rgu5"]
base_font = ExtResource("2")

[sub_resource type="FontVariation" id="FontVariation_rffls"]
base_font = ExtResource("2")

[node name="DebugDisplay" type="Panel"]
anchors_preset = 6
anchor_left = 1.0
anchor_top = 0.5
anchor_right = 1.0
anchor_bottom = 0.5
offset_left = -380.0
offset_right = -92.0
offset_bottom = 150.0
theme_override_styles/panel = SubResource("4")
script = ExtResource("1")

[node name="VBoxContainer" type="VBoxContainer" parent="."]
modulate = Color(0.784314, 0.784314, 0.784314, 0.784314)
layout_mode = 1
anchors_preset = 15
anchor_right = 1.0
anchor_bottom = 1.0
offset_right = 8.0
grow_horizontal = 2
grow_vertical = 2

[node name="FPSLabel" type="Label" parent="VBoxContainer"]
layout_mode = 2
size_flags_vertical = 6
theme_override_colors/font_color = Color(0, 0, 1, 1)
theme_override_colors/font_outline_color = Color(1, 0, 0, 1)
theme_override_constants/outline_size = 4
theme_override_fonts/font = SubResource("FontVariation_o44f4")
theme_override_font_sizes/font_size = 24
text = "FPS: 60"
vertical_alignment = 1
autowrap_mode = 3

[node name="OSLabel" type="Label" parent="VBoxContainer"]
layout_mode = 2
size_flags_vertical = 8
theme_override_colors/font_color = Color(0, 0, 1, 1)
theme_override_colors/font_outline_color = Color(1, 0, 0, 1)
theme_override_constants/outline_size = 2
theme_override_fonts/font = SubResource("FontVariation_0rgu5")
theme_override_font_sizes/font_size = 16
text = "OS: GNU/Linux"
vertical_alignment = 1
autowrap_mode = 3

[node name="EngineLabel" type="Label" parent="VBoxContainer"]
layout_mode = 2
size_flags_vertical = 8
theme_override_colors/font_color = Color(0, 0, 1, 1)
theme_override_colors/font_outline_color = Color(1, 0, 0, 1)
theme_override_constants/outline_size = 2
theme_override_fonts/font = SubResource("FontVariation_rffls")
theme_override_font_sizes/font_size = 16
text = "Godot version: 3.4"
vertical_alignment = 1
autowrap_mode = 3
