[gd_scene load_steps=15 format=3 uid="uid://8n4nqo4km4eo"]

[ext_resource type="Script" path="res://vehicles/models/vehicle_model.gd" id="1_yd127"]
[ext_resource type="PackedScene" uid="uid://bcgx7qw4txwtx" path="res://vehicles/bodies/car01_body.tscn" id="2_p68e5"]
[ext_resource type="Script" path="res://vehicles/vehicle.gd" id="3_2i8yn"]
[ext_resource type="Script" path="res://vehicles/cameras/rearview_mirror2.gd" id="4_d2k7w"]
[ext_resource type="PackedScene" uid="uid://qwcj0n3sp4na" path="res://vehicles/bodies/steering_wheel.tscn" id="4_o2s4w"]
[ext_resource type="PackedScene" uid="uid://cik2trls7t7pp" path="res://vehicles/cameras/camera_group.tscn" id="5_4vs0s"]
[ext_resource type="Script" path="res://vehicles/cameras/real_camera.gd" id="5_vrx6y"]
[ext_resource type="PackedScene" uid="uid://caxecaam053ws" path="res://levels/elements_scene/map_target.tscn" id="6_5531f"]
[ext_resource type="PackedScene" uid="uid://dksxm5prxhr4v" path="res://vehicles/cameras/fixed_camera.tscn" id="6_okt4o"]
[ext_resource type="PackedScene" uid="uid://dkqiuwyma776o" path="res://player/models/shooter.tscn" id="7_yby3g"]
[ext_resource type="PackedScene" uid="uid://c7japnsmxygwn" path="res://vehicles/cameras/camera_pointing_arm.tscn" id="11_4fc2v"]
[ext_resource type="PackedScene" uid="uid://doorlbhsikuon" path="res://vehicles/cameras/static_camera.tscn" id="12_8ew0p"]

[sub_resource type="ViewportTexture" id="ViewportTexture_waxv4"]
viewport_path = NodePath("Body/Car01/Car01_rearview_mirror_place/SubViewport")

[sub_resource type="StandardMaterial3D" id="StandardMaterial3D_cp072"]
resource_local_to_scene = true
albedo_texture = SubResource("ViewportTexture_waxv4")
uv1_scale = Vector3(1, 0.75, 1)
uv1_offset = Vector3(0, 0.2, 0)

[node name="Car01Model" type="Node3D"]
script = ExtResource("1_yd127")

[node name="Body" parent="." node_paths=PackedStringArray("wheels") instance=ExtResource("2_p68e5")]
collision_layer = 2
collision_mask = 225211
script = ExtResource("3_2i8yn")
wheels = [NodePath("WheelFL"), NodePath("WheelFR"), NodePath("WheelRL"), NodePath("WheelRR")]
tilt_angle_max = 13.0
tilt_engine_force_factor = 1.2
brake_size_factor = 5.0
target_priority = 1000

[node name="VehicleLabel" parent="Body" index="0"]
chassis_path = NodePath("../Car01")

[node name="Label" parent="Body/VehicleLabel/Holder" index="0"]
layers = 64

[node name="Car01_rearview_mirror_place" parent="Body/Car01" index="2"]
script = ExtResource("4_d2k7w")

[node name="Car01_rearview_mirror" parent="Body/Car01/Car01_rearview_mirror_place" index="0"]
surface_material_override/0 = SubResource("StandardMaterial3D_cp072")

[node name="RemoteTransform3D" type="RemoteTransform3D" parent="Body/Car01/Car01_rearview_mirror_place" index="1"]
remote_path = NodePath("../SubViewport/Camera3D")
update_scale = false

[node name="SubViewport" type="SubViewport" parent="Body/Car01/Car01_rearview_mirror_place" index="2"]
size = Vector2i(192, 132)

[node name="Camera3D" type="Camera3D" parent="Body/Car01/Car01_rearview_mirror_place/SubViewport"]
transform = Transform3D(1, 0, 0, 0, 1, 0, 0, 0, 1, 0, 1.05399, 0.444)
cull_mask = 43
fov = 40.0
script = ExtResource("5_vrx6y")
camera_base_path = NodePath("../..")

[node name="SteeringWheel" parent="Body" instance=ExtResource("4_o2s4w")]
transform = Transform3D(-0.722, -1.63364e-08, 6.09682e-08, 2.56507e-15, 0.697398, 0.186867, -6.31188e-08, 0.186867, -0.697398, 0.3, 0.56512, 0.469775)
transform_targets = true
target_right_end_basis = Basis(-0.736315, 0.312055, -0.600386, 0.676527, 0.355643, -0.644847, 0.0122954, -0.880988, -0.472979)
target_right_end_origin = Vector3(0.14003, 0.124994, 0.100547)
target_left_end_basis = Basis(-0.585227, -0.207462, 0.783881, -0.741938, 0.527049, -0.414426, -0.327166, -0.824125, -0.462367)
target_left_end_origin = Vector3(-0.192486, 0.0249986, 0.120181)

[node name="RemoteTransformTargetRight" type="RemoteTransform3D" parent="Body/SteeringWheel"]
transform = Transform3D(-0.061275, -0.518518, -0.852869, 0.969846, 0.17101, -0.173648, 0.235889, -0.837792, 0.492404, 0.287, 0.068, 0.099)
remote_path = NodePath("../../CameraGroup/FPSCamera/Rotator/Shooter/RotationHelper/AimingTargets/TargetRight")

[node name="RemoteTransformTargetLeft" type="RemoteTransform3D" parent="Body/SteeringWheel"]
transform = Transform3D(-0.136626, 0.627406, 0.766612, -0.971514, 0.0664015, -0.227487, -0.193631, -0.775855, 0.600462, -0.286964, 0.105388, 0.0754839)
remote_path = NodePath("../../CameraGroup/FPSCamera/Rotator/Shooter/RotationHelper/AimingTargets/TargetLeft")

[node name="CameraGroup" parent="Body" instance=ExtResource("5_4vs0s")]

[node name="FPSCamera" parent="Body/CameraGroup" instance=ExtResource("6_okt4o")]
transform = Transform3D(1, 0, 0, 0, 1, 0, 0, 0, 1, 0.3, 0.939252, 0.204016)

[node name="Rotator" parent="Body/CameraGroup/FPSCamera" index="0"]
use_pitch_curve_sets = true
pitch_curve_sets_file = "res://vehicles/models/config_data/car01_rotator_pitch_curves/fpscamera_curves.json"
initial_curve_set_name = "UNARMED"
max_right_yaw = 1.39626
max_left_yaw = 1.39626

[node name="RealCamera" parent="Body/CameraGroup/FPSCamera/Rotator" index="0"]
transform = Transform3D(-1, 7.6194e-09, -8.70901e-08, 0, 0.996195, 0.0871557, 8.74228e-08, 0.0871557, -0.996195, 0, 0, 0)
cull_mask = 155

[node name="Shooter" parent="Body/CameraGroup/FPSCamera/Rotator" index="1" instance=ExtResource("7_yby3g")]
transform = Transform3D(0.09, 2.22044e-16, 0, 4.44089e-16, 0.09, -1.86264e-09, -3.55271e-15, 1.86264e-09, 0.09, -1.49012e-07, -0.130052, -0.115861)
vehicle_body = NodePath("../../../..")
remote_transform_target_right = NodePath("../../../../SteeringWheel/RemoteTransformTargetRight")
remote_transform_target_left = NodePath("../../../../SteeringWheel/RemoteTransformTargetLeft")

[node name="Skeleton3D" parent="Body/CameraGroup/FPSCamera/Rotator/Shooter/RotationHelper/AnimatedModel/arms" index="0"]
bones/5/rotation = Quaternion(-0.0359817, -0.0867158, 0.174314, 0.980204)
bones/6/rotation = Quaternion(0.408425, 0.166965, -0.122725, 0.88896)
bones/7/rotation = Quaternion(0.531947, 0.102011, -0.0512832, 0.839045)
bones/8/rotation = Quaternion(0.216454, 0.0325909, -0.0116735, 0.975679)
bones/9/rotation = Quaternion(-0.0550973, 0.0012891, 0.00253633, 0.998477)
bones/10/rotation = Quaternion(0.292796, 0.0343892, -0.02014, 0.955344)
bones/11/rotation = Quaternion(0.548204, 0.0828028, -0.0348725, 0.831505)
bones/12/rotation = Quaternion(0.289897, 0.0351369, 0.0632231, 0.954321)
bones/13/rotation = Quaternion(-0.102586, -0.0306851, 0.0569919, 0.992616)
bones/14/rotation = Quaternion(0.357681, 0.112615, -0.0160867, 0.926889)
bones/15/rotation = Quaternion(0.43721, 0.0162022, -0.0426526, 0.898201)
bones/16/rotation = Quaternion(0.460587, 0.0879353, -0.0211061, 0.882996)
bones/17/rotation = Quaternion(0.169994, -0.599916, -0.470392, 0.624447)
bones/18/rotation = Quaternion(0.130002, -0.137932, 0.196516, 0.962006)
bones/19/rotation = Quaternion(0.260018, -0.0686444, 0.0224795, 0.962898)
bones/20/rotation = Quaternion(-0.0785075, -0.226622, -0.0526912, 0.969383)
bones/21/rotation = Quaternion(0.281986, 0.142117, -0.117152, 0.941574)
bones/22/rotation = Quaternion(0.22882, 0.0219776, -0.0663273, 0.970958)
bones/23/rotation = Quaternion(0.333124, 0.111177, -0.101174, 0.930823)
bones/30/rotation = Quaternion(0.310127, 0.0273548, 0.113919, 0.943449)
bones/31/rotation = Quaternion(0.284641, 0.145293, 0.191532, 0.928)
bones/32/rotation = Quaternion(0.253262, -0.352462, 0.319204, 0.84246)
bones/33/rotation = Quaternion(-0.108478, 0.20574, 0.0895207, 0.968447)
bones/34/rotation = Quaternion(0.246802, -0.0652123, 0.0257736, 0.966526)
bones/35/rotation = Quaternion(0.334942, -0.095082, 0.0733012, 0.934559)
bones/36/rotation = Quaternion(0.296642, -0.00303399, 0.067826, 0.952572)
bones/37/rotation = Quaternion(-0.0914618, 0.024632, -0.0729392, 0.992828)
bones/38/rotation = Quaternion(0.355244, -0.190457, -0.0864811, 0.91107)
bones/39/rotation = Quaternion(0.385962, -0.109354, 0.0585439, 0.914138)
bones/40/rotation = Quaternion(0.429097, -0.243267, -0.184552, 0.850081)
bones/41/rotation = Quaternion(-0.0883601, 0.00102117, -0.0191655, 0.995904)
bones/42/rotation = Quaternion(0.347273, -0.0462332, 0.0736332, 0.933725)
bones/43/rotation = Quaternion(0.395026, -0.106294, 0.0323892, 0.911925)
bones/44/rotation = Quaternion(0.346871, -0.266008, -0.0415311, 0.89844)
bones/45/rotation = Quaternion(0.169945, 0.525446, 0.440347, 0.707898)
bones/46/rotation = Quaternion(0.0648722, 0.0446443, -0.103718, 0.991484)
bones/47/rotation = Quaternion(0.159008, 0.365446, -0.0985447, 0.911841)

[node name="TargetRight" parent="Body/CameraGroup/FPSCamera/Rotator/Shooter/RotationHelper/AimingTargets" index="0"]
transform = Transform3D(0.0238083, 0.0840664, 0.998964, 0.934891, 0.358868, -0.0524814, -0.361903, 0.932582, -0.0698549, -0.14, -0.15, 0.231)

[node name="TargetLeft" parent="Body/CameraGroup/FPSCamera/Rotator/Shooter/RotationHelper/AimingTargets" index="2"]
transform = Transform3D(-0.34546, -0.941301, 0.0130639, -0.923031, 0.335955, -0.201765, 0.185019, -0.0815336, -0.982182, -0.054, -0.1, 0.373)

[node name="Sedan_XXX" parent="Body/CameraGroup/FPSCamera/Rotator/Shooter" index="3"]
surface_material_override/0 = null
surface_material_override/1 = null

[node name="TPSCamera" parent="Body/CameraGroup" instance=ExtResource("11_4fc2v")]
transform = Transform3D(1, 0, 0, 0, 1, 0, 0, 0, 1, 0, 0, 0.275064)
use_pitch_curve_sets = true
pitch_curve_sets_file = "res://vehicles/models/config_data/car01_rotator_pitch_curves/tpscamera_curves.json"
initial_curve_set_name = "UNARMED"
max_right_yaw = 1.39626
max_left_yaw = 1.39626

[node name="StaticCamera" parent="Body/CameraGroup/TPSCamera" instance=ExtResource("12_8ew0p")]
transform = Transform3D(1, 0, 0, 0, 1, 0, 0, 0, 1, 0, 2.23264, -0.265221)

[node name="SpringArm3D" parent="Body/CameraGroup/TPSCamera/StaticCamera" index="0"]
transform = Transform3D(-1, -7.6194e-09, 8.70901e-08, 0, 0.996195, 0.0871557, -8.74228e-08, 0.0871557, -0.996195, 0, 0, 0)
spring_length = 2.0

[node name="Camera3D" parent="Body/CameraGroup/TPSCamera/StaticCamera/SpringArm3D" index="0"]
cull_mask = 139

[node name="MapTarget" parent="Body" instance=ExtResource("6_5531f")]
transform = Transform3D(5, 0, 0, 0, -2.18557e-07, 1, 0, -5, -4.37114e-08, 0, 0, 0)
skeleton = NodePath("")

[editable path="Body"]
[editable path="Body/VehicleLabel"]
[editable path="Body/Car01"]
[editable path="Body/WheelFL"]
[editable path="Body/WheelFR"]
[editable path="Body/WheelRL"]
[editable path="Body/WheelRR"]
[editable path="Body/CameraGroup/FPSCamera"]
[editable path="Body/CameraGroup/FPSCamera/Rotator/Shooter"]
[editable path="Body/CameraGroup/FPSCamera/Rotator/Shooter/RotationHelper/AnimatedModel"]
[editable path="Body/CameraGroup/TPSCamera/StaticCamera"]
