[gd_scene load_steps=9 format=3 uid="uid://lfllrd0vsgtj"]

[ext_resource type="PackedScene" uid="uid://c7le0gvxk8j53" path="res://assets/vehicles/vehicles_low_poly-mesh-sources/Bus/Bus-wheel.scn" id="1"]
[ext_resource type="PhysicsMaterial" uid="uid://0gqfe8l2onc5" path="res://assets/materials/body_physics_material.tres" id="1_t1ss2"]
[ext_resource type="Script" path="res://vehicles/bodies/chassis.gd" id="2"]
[ext_resource type="PackedScene" uid="uid://c0h4a60prt6o1" path="res://vehicles/bodies/vehicle_label.tscn" id="2_41en8"]
[ext_resource type="PackedScene" uid="uid://coaqsy7batfn6" path="res://assets/vehicles/vehicles_low_poly-mesh-sources/Bus/Bus.scn" id="3"]
[ext_resource type="PackedScene" uid="uid://c8dds3wmex8yk" path="res://vehicles/bodies/exhaustgas.tscn" id="4"]
[ext_resource type="PackedScene" uid="uid://fkseo0t0w5bw" path="res://vehicles/bodies/wheel_skid.tscn" id="5_apryl"]

[sub_resource type="BoxShape3D" id="7"]
size = Vector3(1.908, 2.03, 7.097)

[node name="Body" type="VehicleBody3D"]
mass = 130.0
physics_material_override = ExtResource("1_t1ss2")
center_of_mass_mode = 1
continuous_cd = true
contact_monitor = true
max_contacts_reported = 2

[node name="VehicleLabel" parent="." instance=ExtResource("2_41en8")]

[node name="Label" parent="VehicleLabel/Holder" index="0"]
transform = Transform3D(1, 0, 0, 0, 1, 0, 0, 0, 1, 0, 3, 0)
text = "Bus
"

[node name="Bus" parent="." instance=ExtResource("3")]
layers = 2
script = ExtResource("2")
front_light = NodePath("Bus-front-lights")
stop_light = NodePath("Bus-rear-lights")

[node name="Bus-front-lights" parent="Bus" index="0"]
layers = 2

[node name="Bus-rear-lights" parent="Bus" index="1"]
layers = 2

[node name="Bus_rearview_mirror_l" parent="Bus/Bus_rearview_mirror_place_l" index="0"]
layers = 2

[node name="Bus_rearview_mirror_r" parent="Bus/Bus_rearview_mirror_place_r" index="0"]
layers = 2

[node name="Vehicle-seats-front" parent="Bus/BusSeats" index="0"]
layers = 2

[node name="Vehicle-seats-front2" parent="Bus/BusSeats" index="1"]
layers = 2

[node name="Vehicle-seats-front3" parent="Bus/BusSeats" index="2"]
layers = 2

[node name="Vehicle-seats-front4" parent="Bus/BusSeats" index="3"]
layers = 2

[node name="Vehicle-seats-front5" parent="Bus/BusSeats" index="4"]
layers = 2

[node name="Vehicle-seats-front6" parent="Bus/BusSeats" index="5"]
layers = 2

[node name="Vehicle-seats-rear" parent="Bus/BusSeats" index="6"]
layers = 2

[node name="CollisionShape3D" type="CollisionShape3D" parent="."]
transform = Transform3D(1, 0, 0, 0, 1, 0, 0, 0, 1, 0, 1.1043, -0.0878376)
shape = SubResource("7")

[node name="WheelFL" parent="." instance=ExtResource("1")]
transform = Transform3D(1, 0, 0, 0, 1, 0, 0, 0, 1, 0.79, 0.1, 1.96)
use_as_traction = true
use_as_steering = true
wheel_rest_length = 0.1
wheel_friction_slip = 0.9
suspension_travel = 0.3
suspension_stiffness = 25.0
damping_compression = 0.3
damping_relaxation = 0.4

[node name="BusWheelMesh" parent="WheelFL" index="0"]
layers = 2

[node name="WheelSkid" parent="WheelFL" node_paths=PackedStringArray("wheel") instance=ExtResource("5_apryl")]
wheel = NodePath("..")

[node name="WheelFR" parent="." instance=ExtResource("1")]
transform = Transform3D(1, 0, 0, 0, 1, 0, 0, 0, 1, -0.79, 0.1, 1.96)
use_as_traction = true
use_as_steering = true
wheel_rest_length = 0.1
wheel_friction_slip = 0.9
suspension_travel = 0.3
suspension_stiffness = 25.0
damping_compression = 0.3
damping_relaxation = 0.4

[node name="BusWheelMesh" parent="WheelFR" index="0"]
layers = 2

[node name="WheelSkid" parent="WheelFR" node_paths=PackedStringArray("wheel") instance=ExtResource("5_apryl")]
wheel = NodePath("..")

[node name="WheelRL" parent="." instance=ExtResource("1")]
transform = Transform3D(1, 0, 0, 0, 1, 0, 0, 0, 1, 0.79, 0.1, -1.74)
use_as_traction = true
wheel_rest_length = 0.1
wheel_friction_slip = 0.8
suspension_travel = 0.3
suspension_stiffness = 25.0
damping_compression = 0.3
damping_relaxation = 0.4

[node name="BusWheelMesh" parent="WheelRL" index="0"]
layers = 2

[node name="WheelSkid" parent="WheelRL" node_paths=PackedStringArray("wheel") instance=ExtResource("5_apryl")]
wheel = NodePath("..")

[node name="WheelRR" parent="." instance=ExtResource("1")]
transform = Transform3D(1, 0, 0, 0, 1, 0, 0, 0, 1, -0.79, 0.1, -1.74)
use_as_traction = true
wheel_rest_length = 0.1
wheel_friction_slip = 0.8
suspension_travel = 0.3
suspension_stiffness = 25.0
damping_compression = 0.3
damping_relaxation = 0.4

[node name="BusWheelMesh" parent="WheelRR" index="0"]
layers = 2

[node name="WheelSkid" parent="WheelRR" node_paths=PackedStringArray("wheel") instance=ExtResource("5_apryl")]
wheel = NodePath("..")

[node name="Exhaustgas" parent="." instance=ExtResource("4")]
transform = Transform3D(-4.37114e-09, -0.1, 0, 0.1, -4.37114e-09, 0, 0, 0, 0.1, 0.540947, 0, -3.50024)

[node name="VisibleTarget" type="Marker3D" parent="."]
transform = Transform3D(1, 0, 0, 0, 1, 0, 0, 0, 1, 0, 0.636409, 0)

[node name="CameraTarget" type="Marker3D" parent="."]
transform = Transform3D(1, 0, 0, 0, 1, 0, 0, 0, 1, 0.375354, 0.93302, 6.96059)

[editable path="VehicleLabel"]
[editable path="Bus"]
[editable path="WheelFL"]
[editable path="WheelFR"]
[editable path="WheelRL"]
[editable path="WheelRR"]
