[gd_scene load_steps=11 format=3 uid="uid://dukiukbfajlc4"]

[ext_resource type="PackedScene" uid="uid://x0sme4xi0wko" path="res://assets/vehicles/vehicles_low_poly-mesh-sources/Wagon/Wagon.scn" id="1"]
[ext_resource type="PhysicsMaterial" uid="uid://0gqfe8l2onc5" path="res://assets/materials/body_physics_material.tres" id="1_4cygn"]
[ext_resource type="PackedScene" uid="uid://bd8ekg14djfs6" path="res://assets/vehicles/vehicles_low_poly-mesh-sources/Sedan/Sedan-Wagon-wheel.scn" id="2"]
[ext_resource type="PackedScene" uid="uid://c0h4a60prt6o1" path="res://vehicles/bodies/vehicle_label.tscn" id="2_xdx0w"]
[ext_resource type="Script" path="res://vehicles/bodies/chassis.gd" id="3"]
[ext_resource type="PackedScene" uid="uid://c8dds3wmex8yk" path="res://vehicles/bodies/exhaustgas.tscn" id="4"]
[ext_resource type="PackedScene" uid="uid://fkseo0t0w5bw" path="res://vehicles/bodies/wheel_skid.tscn" id="5_oujep"]

[sub_resource type="BoxShape3D" id="8"]
size = Vector3(1.56287, 0.707828, 3.67467)

[sub_resource type="BoxShape3D" id="7"]
size = Vector3(1.45143, 0.195303, 2.46104)

[sub_resource type="BoxShape3D" id="BoxShape3D_k2rsg"]
size = Vector3(1.45143, 0.186504, 2.06472)

[node name="Body" type="VehicleBody3D"]
mass = 45.0
physics_material_override = ExtResource("1_4cygn")
center_of_mass_mode = 1
continuous_cd = true
contact_monitor = true
max_contacts_reported = 2

[node name="VehicleLabel" parent="." instance=ExtResource("2_xdx0w")]

[node name="Label" parent="VehicleLabel/Holder" index="0"]
text = "Wagon"

[node name="Wagon" parent="." instance=ExtResource("1")]
layers = 2
script = ExtResource("3")
front_light = NodePath("Wagon-front-lights")
stop_light = NodePath("Wagon-rear-lights")

[node name="Wagon-front-lights" parent="Wagon" index="0"]
layers = 2

[node name="Wagon-rear-lights" parent="Wagon" index="1"]
layers = 2

[node name="Wagon_rearview_mirror_place" parent="Wagon" index="2"]
transform = Transform3D(1, 0, 0, 0, 1, 0, 0, 0, 1, 0, 0.992362, 0.389493)

[node name="Wagon_rearview_mirror" parent="Wagon/Wagon_rearview_mirror_place" index="0"]
layers = 2

[node name="Vehicle-seats-front" parent="Wagon/WagoneSeats" index="0"]
layers = 2

[node name="Vehicle-seats-rear" parent="Wagon/WagoneSeats" index="1"]
transform = Transform3D(0.87, 0, 0, 0, 1, 0, 0, 0, 1, 0, 0, -0.640819)
layers = 2

[node name="CollisionShapeBottom" type="CollisionShape3D" parent="."]
transform = Transform3D(1, 0, 0, 0, 1, 0, 0, 0, 1, 0, 0.350303, 0.0124243)
shape = SubResource("8")

[node name="CollisionShapeUP1" type="CollisionShape3D" parent="."]
transform = Transform3D(1, 0, 0, 0, 1, 0, 0, 0, 1, 0, 0.792485, -0.445306)
shape = SubResource("7")

[node name="CollisionShapeUP2" type="CollisionShape3D" parent="."]
transform = Transform3D(1, 0, 0, 0, 1, 0, 0, 0, 1, 0, 0.980138, -0.524054)
shape = SubResource("BoxShape3D_k2rsg")

[node name="WheelFL" parent="." instance=ExtResource("2")]
transform = Transform3D(1, 0, 0, 0, 1, 0, 0, 0, 1, 0.67, 0.115, 1.05)
use_as_traction = true
use_as_steering = true
wheel_rest_length = 0.1
wheel_friction_slip = 0.9
suspension_travel = 0.225
suspension_stiffness = 35.0
damping_compression = 0.4
damping_relaxation = 0.5

[node name="SedanWagonWheelMesh" parent="WheelFL" index="0"]
layers = 2

[node name="WheelSkid" parent="WheelFL" node_paths=PackedStringArray("wheel") instance=ExtResource("5_oujep")]
wheel = NodePath("..")

[node name="WheelFR" parent="." instance=ExtResource("2")]
transform = Transform3D(1, 0, 0, 0, 1, 0, 0, 0, 1, -0.67, 0.115, 1.05)
use_as_traction = true
use_as_steering = true
wheel_rest_length = 0.1
wheel_friction_slip = 0.9
suspension_travel = 0.225
suspension_stiffness = 35.0
damping_compression = 0.4
damping_relaxation = 0.5

[node name="SedanWagonWheelMesh" parent="WheelFR" index="0"]
layers = 2

[node name="WheelSkid" parent="WheelFR" node_paths=PackedStringArray("wheel") instance=ExtResource("5_oujep")]
wheel = NodePath("..")

[node name="WheelRL" parent="." instance=ExtResource("2")]
transform = Transform3D(1, 0, 0, 0, 1, 0, 0, 0, 1, 0.67, 0.115, -1.025)
use_as_traction = true
wheel_rest_length = 0.1
wheel_friction_slip = 0.8
suspension_travel = 0.225
suspension_stiffness = 35.0
damping_compression = 0.4
damping_relaxation = 0.5

[node name="SedanWagonWheelMesh" parent="WheelRL" index="0"]
layers = 2

[node name="WheelSkid" parent="WheelRL" node_paths=PackedStringArray("wheel") instance=ExtResource("5_oujep")]
wheel = NodePath("..")

[node name="WheelRR" parent="." instance=ExtResource("2")]
transform = Transform3D(1, 0, 0, 0, 1, 0, 0, 0, 1, -0.67, 0.115, -1.025)
use_as_traction = true
wheel_rest_length = 0.1
wheel_friction_slip = 0.8
suspension_travel = 0.225
suspension_stiffness = 35.0
damping_compression = 0.4
damping_relaxation = 0.5

[node name="SedanWagonWheelMesh" parent="WheelRR" index="0"]
layers = 2

[node name="WheelSkid" parent="WheelRR" node_paths=PackedStringArray("wheel") instance=ExtResource("5_oujep")]
wheel = NodePath("..")

[node name="Exhaustgas" parent="." instance=ExtResource("4")]
transform = Transform3D(-4.37114e-09, -0.1, 0, 0.1, -4.37114e-09, 0, 0, 0, 0.1, 0.45, 0, -1.73119)

[node name="VisibleTarget" type="Marker3D" parent="."]
transform = Transform3D(1, 0, 0, 0, 1, 0, 0, 0, 1, 0, 0.636409, 0)

[node name="CameraTarget" type="Marker3D" parent="."]
transform = Transform3D(1, 0, 0, 0, 1, 0, 0, 0, 1, 0.375354, 0.771603, 4.54287)

[editable path="VehicleLabel"]
[editable path="Wagon"]
[editable path="WheelFL"]
[editable path="WheelFR"]
[editable path="WheelRL"]
[editable path="WheelRR"]
